<record><leader>00000cas a22000007a 4500</leader><controlfield tag="001">27302342</controlfield><controlfield tag="008">930121d18661uuucauwr ne      0    0eng d</controlfield><datafield ind1=" " ind2=" " tag="010"><subfield code="a">sn 92068476 </subfield></datafield><datafield ind1=" " ind2=" " tag="040"><subfield code="a">CUY</subfield><subfield code="b">eng</subfield><subfield code="c">CNK</subfield><subfield code="d">OCLCQ</subfield></datafield><datafield ind1=" " ind2=" " tag="042"><subfield code="a">msc</subfield></datafield><datafield ind1="0" ind2="4" tag="245"><subfield code="a">The Meadow Lake weekly sun.</subfield></datafield><datafield ind1=" " ind2=" " tag="260"><subfield code="a">Meadow Lake, Calif. :</subfield><subfield code="b">W. Lyon &amp; Co.</subfield></datafield><datafield ind1=" " ind2=" " tag="300"><subfield code="a">v.</subfield></datafield><datafield ind1=" " ind2=" " tag="310"><subfield code="a">Weekly</subfield></datafield><datafield ind1="0" ind2=" " tag="362"><subfield code="a">Vol. 1, no. 69 (Oct. 27, 1866)-</subfield></datafield><datafield ind1=" " ind2="4" tag="651"><subfield code="a">Nevada County (Calif.)</subfield><subfield code="v">Newspapers.</subfield></datafield><datafield ind1=" " ind2=" " tag="752"><subfield code="a">United States</subfield><subfield code="b">California</subfield><subfield code="c">Nevada</subfield><subfield code="d">Meadow Lake.</subfield></datafield><datafield ind1="0" ind2="0" tag="780"><subfield code="t">Meadow Lake semi weekly sun</subfield><subfield code="w">(DLC)sn 92068475</subfield></datafield><datafield ind1="1" ind2=" " tag="029"><subfield code="a">AU@</subfield><subfield code="b">000020734687</subfield></datafield></record>